
%%LIBROS **********************************************************************************************************

@book{Walls2013,
	author = {Walls, M.},
	title = {Building a DevOps Culture},
	year = {2013},
	publisher = {Sebastopol: O’Reilly},
}

@book{Ríos2007,
	author = {Ríos, S.},
	title = {ITIL v3},
	year = {2007},
	publisher = {},
}
%%TESIS **********************************************************************************************************

@mastersthesis{Perez2018,
	author = {Pérez, L.},
	title = {DevOps: IT Development in the Era of Digitalization },
	year = {2018},
	address  = {Universidad de Valladolid, España},
	howpublished = {Recuperado de  {https://n9.cl/ar2v}},
	note = {Accedido el 29-08-2019}
}

%%PAGINAS WEB ******************************************************************************************************
@misc{Gartner,
	author = {Gartner},
	title = {IT Glossary},
	year = {ne},
	howpublished = {Recuperado de  {https://www.gartner.com/it-glossary/devops}},
	note = {Accedido el 28-08-2019}
}


%%ARTICULOS **********************************************************************************************************

@misc{ScrumDef,
	author = {Natali Caso},
	title = {SCRUM development process},
	year = {2004},
	howpublished = {Recuperado de  {https://bit.ly/2ouTR57}},
	note = {Accedido el 09-10-2019}
}



